@misc{cert,
title={www.cert.org},
author={TODO},
note={TODO 1}, }

@misc{hacking,
title={Hacking Exposed},
author={TODO},
note={TODO 2}, }

@misc{ddos,
title={DDoS-Resilient …},
author={TODO},
note={TODO 3}, }

@misc{fbi,
title={\url{http://www.fbi.gov/wanted/fugitives/cyber/echouafni_s.htm viitattu 27.10.2009}},
author={TODO},
note={TODO 4}, }

@misc{tcpip,
title={TCP/IP verkot},
author={TODO},
note={TODO 5}, }

@misc{hackthestack,
title={Hack the Stack},
author={TODO},
note={TODO 6}, }

@misc{websecurity,
title={Web Security Basics},
author={TODO},
note={TODO 7}, }

@misc{intru,
title={A Comparative Study of Techniques for Intrusion Detection},
author={TODO},
note={TODO 8}, }

@misc{effect,
title={The Effect of Identifying Vulnerabilities and Patching Software on the Utility of Network Intrusion Detection},
author={TODO},
note={TODO 9}, }

@misc{cve,
title={ www.cve.mitre.org/cve.},
author={TODO},
note={Viitattu 29.10.2009 viite nro 10}, }

@misc{joku,
title={ lähde puuttuu.},
author={TODO},
note={TODO 11}, }


